@Misc{OpenMP:2013,
Author = {{OpenMP Architecture Review Board}},
Title = {{OpenMP} API Version 4.0},
Year = {2013},
Url = {https://www.openmp.org/wp-content/uploads/OpenMP4.0.0.pdf}
}

@Misc{CUDA:2007,
Author = {NVIDIA},
Title = {{CUDA Technology}},
Year = {2007},
Url = {http://www.nvidia.com/CUDA}
}

@Article{Hunter:2007,
  Author    = {Hunter, J. D.},
  Title     = {Matplotlib: A 2D graphics environment},
  Journal   = {Computing in Science \& Engineering},
  Volume    = {9},
  Number    = {3},
  Pages     = {90--95},
  abstract  = {Matplotlib is a 2D graphics package used for Python for
  application development, interactive scripting, and publication-quality
  image generation across user interfaces and operating systems.},
  publisher = {IEEE COMPUTER SOC},
  doi       = {10.1109/MCSE.2007.55},
  year      = 2007
}